@article{yasmeensmart,
  title={SMART ATTENDANCE USING FACIAL RECOGNITION},
  author={YASMEEN, M LUBNA and REDDY, MALGIREDDY HRISHITH RAJ and MRIDGALA, BIEREDDY and REDDY, MALIGIREDDY PRANAV and CHANDANA, PEGADA}
}

@misc{moodle_attendance,
  title = {Attendance},
  author = {{Moodle}},
  howpublished = {\url{https://moodle.org/plugins/mod_attendance}},
  note = {Accessed on 17 May 2023}
}

@misc{reading_attendance,
  title = {Classroom capture and student attendance},
  author = {{University of Reading}},
  howpublished = {\url{https://sites.reading.ac.uk/tel/learning-capture/classroom-capture-and-student-attendance/}},
  note = {Accessed on 17 May 2023}
}