@inproceedings{fareclock,
  title={Attendance Management System with Half-Covered and Full-Facial Recognition Feature},
  author={Goh, Kah-Ong and Law, Check-Yee and Tin, Cu-Kang and Tee, Connie and Sek, Yong-Wee},
  booktitle={Proceedings of the 9th International Conference on Computational Science and Technology: ICCST 2022, 27--28 August, Johor Bahru, Malaysia},
  pages={247--258},
  year={2023},
  organization={Springer}
}

@article{yasmeensmart,
  title={Smart Attendance Using Facial Recognition},
  author={Yasmeen, M Lubna and Reddy, Malgireddy Hrishith Raj and Mridgala, Biereddy and Reddy, Maligireddy Pranav and Chandana, Pegada},
  journal={YMER},
  volume={22},
  number={1},
  pages={370--373},
  year={2023}
}

@article{waterfall,
  title={COMPARISON OF WATERFALL MODELS AND PROTOTYPING MODELS OF MEETING MANAGEMENT INFORMATION SYSTEMS},
  author={Nurcahya, Dwi and Nurfauziah, Habibah and Dwiatmodjo, Himawan},
  journal={Jurnal Mantik},
  volume={6},
  number={2},
  pages={1934--1939},
  year={2022}
}


@misc{moodle_attendance,
  title = {Mod-attendance plugin on Moodle LMS},
  author = {Dan Marsden},
  year = {2023}
}

@misc{moodle_activity, 
    title={Attendance Activity on Moodle LMS}, 
    author={Moodle}, 
    year={2023},
} 